@inproceedings{portokalidis2010fast,
  title={Fast and practical instruction-set randomization for commodity systems},
  author={Portokalidis, G. and Keromytis, A.D.},
  booktitle={Proceedings of the 26th Annual Computer Security Applications Conference},
  pages={41--48},
  year={2010},
  organization={ACM}
}

@inproceedings{luk2005pin,
  title={Pin: building customized program analysis tools with dynamic instrumentation},
  author={Luk, C.K. and Cohn, R. and Muth, R. and Patil, H. and Klauser, A. and Lowney, G. and Wallace, S. and Reddi, V.J. and Hazelwood, K.},
  booktitle={ACM SIGPLAN Notices},
  volume={40},
  number={6},
  pages={190--200},
  year={2005},
  organization={ACM}
}

@article{economides2006linux,
  title={Linux vs. Windows: A comparison of application and platform innovation incentives for open source and proprietary software platforms},
  author={Economides, N. and Katsamakas, E.},
  journal={The Economics of Open Source Software Development, Elsevier Publishers},
  year={2006}
}

